<?xml version="1.0" encoding="UTF-8"?><collection xmlns="http://www.loc.gov/MARC21/slim"><record><leader>00525nam--2200181-i-4500</leader><controlfield tag="001">000025368</controlfield><controlfield tag="002">20161230</controlfield><controlfield tag="005">20161230201035</controlfield><controlfield tag="008">060222s1000------------r-----000-0-ger-d</controlfield><datafield ind1=" " ind2=" " tag="040"><subfield code="a">IFIN-HH</subfield></datafield><datafield ind1=" " ind2=" " tag="041"><subfield code="a">ger</subfield></datafield><datafield ind1=" " ind2=" " tag="080"><subfield code="a">539</subfield></datafield><datafield ind1="1" ind2=" " tag="100"><subfield code="a">Gerven, Lieven Van</subfield></datafield><datafield ind1="1" ind2="0" tag="245"><subfield code="a">Lijnvormen in paramagnetische resonantie</subfield><subfield code="b">Monographie no.11</subfield><subfield code="c">Lieven van gerven</subfield></datafield><datafield ind1=" " ind2=" " tag="260"><subfield code="a">Brussel</subfield><subfield code="b">Interuniversitair Instituut Voor Kernwetenschappen</subfield><subfield code="c">1960</subfield></datafield><datafield ind1=" " ind2=" " tag="490"><subfield code="a">Monographie</subfield><subfield code="v">Nr.11</subfield></datafield><datafield ind1=" " ind2=" " tag="852"><subfield code="a">17834</subfield><subfield code="c">539</subfield></datafield><datafield ind1=" " ind2=" " tag="CAT"><subfield code="a">Sys</subfield><subfield code="c">20110927</subfield><subfield code="h">134538</subfield></datafield></record></collection>